@online{bib:Signalschablone,
  author  = {Ulrich Maschek},
  title   = {Signalschablone 2.1},
  url     = {https://tu-dresden.de/bu/verkehr/ibv/vst/die-professur/mitarb/ulrich-maschek/signalschablone?set_language=de},
  year    = {2021},
  urldate = {26. Januar 2024}
}

@book{bib:Sicherung-des-Schienenverkehrs,
  author    = {Ulrich Maschek},
  title     = {Sicherung des Schienenverkehrs: Grundlagen und Planung der Leit- und Sicherungstechnik},
  year      = {2022},
  publisher = {Springer Vieweg},
  edition   = {5}
}

@book{bib:Modellbauhandbuch,
  author    = {Albert Jackson and David Day},
  title     = {Das große Ravensburger Modellbauhandbuch},
  year      = {1981},
  publisher = {Otto Maier Verlag},
  edition   = {1å}
}

@online{bib:DB:Stellwerke,
  author  = {Deutsche Bahn},
  title   = {Vom Stellhebel zum Mausklick: Wie die Bahn in ihrem Schienennetz täglich 40.000 Züge steuert},
  url     = {https://www.deutschebahn.com/de/presse/presse-regional/Stellwerke_der_DB-8853302},
  year    = {2020},
  urldate = {28. Januar 2024}
}

@online{bib:stellwerke.de:Einheit,
  author  = {stellwerke.de},
  title   = {Bauformen und Unterscheidungsmerkmale - Bauart Einheit},
  url     = {http://stellwerke.de/formen/seite2_a.html},
  year    = {2008},
  urldate = {28. Januar 2024}
}

@online{bib:stellwerke.info:Kf,
  author  = {stellwerke.info},
  title   = {Köln Hbf Kf},
  url     = {https://stellwerke.info/stw/stw.php?id=10203},
  year    = {2024},
  urldate = {3. Februar 2024}
}
